2820 5048
428 378 574 456 ..15
621 387 674 498 ἦ,

95 577 264 650 sufficiant
288 574 333 644 ad
357 574 681 664 demonstrandum,
702 587 872 666 quantum
897 593 1015 652 nostra

98 717 200 805 hujus
219 715 380 782 materiae
398 712 557 781 doctrina
575 731 690 802 aucta,
712 713 890 784 emendata
912 731 1016 806 atque

99 856 252 924 moribus
282 849 439 942 adaptata
466 850 589 934 suerit,
611 851 703 942 quod
730 823 908 924 ostendere
929 854 1015 920 uni-¹

102 1017 180 1061 eum
195 990 261 1057 hau
284 990 322 1054 in
347 1013 385 1056 re
406 1005 561 1055 nostrum
576 991 789 1082 propositum
805 993 870 1058 fuit
888 994 983 1082 (16).

146 1131 192 1196 Et
212 1129 278 1194 hoo
297 1126 437 1219 quidem
457 1131 533 1215 jure
556 1126 647 1197 Galli
668 1127 826 1196 videntur
843 1132 894 1196 usi
912 1153 1019 1219 usque

102 1267 145 1340 ad
166 1267 224 1335 ilia
252 1283 421 1358 tempora,
446 1290 533 1360 quae
559 1264 659 1334 multi
689 1267 889 1332 nostratium
908 1264 1020 1344 adhuo

100 1405 281 1488 viderunt,
294 1407 406 1484 {eversi
421 1406 519 1492 regni
537 1421 757 1495 veterumque
778 1405 1023 1474 institutorum.
1055 1431 1059 1436 ·

100 1547 229 1617 Verum
248 1567 318 1610 non
338 1567 452 1611 omnes
470 1543 555 1612 adeo
575 1544 670 1614 novis
693 1543 797 1610 rebus
811 1541 1022 1628 studebant,
1113 1595 1116 1600 .

100 1665 232 1760 utnon
254 1681 360 1748 multa
378 1706 515 1774 quoque
541 1699 694 1752 veterum
713 1682 868 1750 instituta
885 1680 939 1753 vel
960 1705 1021 1750 re-

101 1818 264 1904 tinenda,
285 1818 338 1890 vel
360 1819 402 1886 ad
418 1843 543 1889 novum
559 1819 751 1910 adaptanda
771 1818 928 1887 ordinem
951 1844 1020 1910 pu·

101 1974 227 2025 tarent.
279 1961 331 2026 Ita
366 1957 602 2056 factumest,
641 1980 679 2025 ut
709 1981 786 2024 oum
816 1981 908 2025 anno
940 1981 1020 2048 1791

51 2160 53 2168 ,
102 2092 296 2162 Concilium
315 2097 384 2166 sive
402 2095 543 2161 Senatus
564 2112 728 2179 exstaret,
752 2097 866 2186 qui—in
887 2097 1018 2163 consti·-

101 2228 231 2297 tuenda
250 2231 387 2323 imperii
397 2231 505 2298 formai
523 2247 731 2312 versaretur,
753 2247 788 2296 et
798 2229 930 2324 Gallice
938 2230 1018 2296 As-

97 2368 245 2466 semble'e
266 2369 536 2453 constituente,
556 2384 674 2461 postea
684 2369 901 2454 Notionale,
915 2387 1018 2435 voca-⁴

97 2523 225 2592 retur,
266 2523 437 2575 senatores
462 2508 513 2576 illi
546 2510 584 2576 iu
603 2507 733 2594 legibus
773 2502 1016 2574 criminalibus

97 2642 286 2716 condendis
317 2647 503 2738 plurimum
535 2671 657 2737 operae
694 2661 876 2736 ponerent.
928 2643 1020 2715 Hine

96 2784 262 2870 originem
287 2787 394 2890 etiam!
409 2785 508 2854 duxit
529 2784 645 2855 Codex
665 2782 722 2852 ille
745 2781 939 2878 Crimiualis
958 2784 1015 2853 die

96 2925 162 3006 25,
194 2927 318 2993 mensis
338 2925 435 3016 Sept.
461 2922 614 3013 ejusdem
634 2924 716 2990 anni
740 2947 819 3018 1791,
849 2938 884 2990 et
901 2925 1015 3016 60111.

94 3061 348 3155 promulgatus,
371 3064 432 3153 qui
446 3064 570 3152 viguit,
593 3063 705 3132 donae
720 3059 817 3129 illum
828 3084 920 3130 anno
937 3063 1019 3146 1810

952 3221 1015 3267 ΒΣ·

127 3409 183 3484 (16
194 3415 209 3472 t
225 3409 326 3466 Praeter
336 3427 399 3477 eos,
416 3425 479 3478 quos
492 3415 565 3475 supra
578 3410 766 3466 memoravimus
780 3421 915 3478 auctores,
931 3415 1017 3471 videa-¹

91 3520 133 3560 tur
145 3509 175 3558 de
194 3507 343 3558 crimineris
359 3504 546 3556 ordonnaatiea
556 3518 606 3556 ran
615 3505 713 3568 Koning
726 3504 828 3569 Piiiips
843 3521 894 3559 ran
912 3510 1017 3576 Spanje,

89 3603 154 3652 door
171 3610 268 3649 savius
281 3582 409 3660 rodurn,
425 3609 449 3648 te
461 3596 564 3658 Leyden
583 3609 661 3660 1792,
685 3596 710 3646 in
724 3611 789 3659 -4.
804 3596 828 3646 in
851 3596 919 3658 cujus
934 3603 1017 3662 operis

92 3689 259 3752 appendice,
291 3687 332 3740 ct.
356 3699 443 3740 auctor
460 3686 532 3738 etiam
553 3688 583 3736 ad
605 3698 686 3750 partes
704 3699 798 3748 vocat,
820 3685 913 3737 Traitl
933 3691 964 3738 de
986 3694 1014 3741 ia

84 3781 186 3840 Justr'cc
212 3780 357 3832 Crimiseiie
379 3781 410 3830 de
433 3779 552 3840 Franco,
576 3792 619 3842 par
642 3780 680 3830 M.
706 3787 798 3840 Jousss
816 3779 922 3844 „Paris
939 3794 1010 3846 ¹77¹·

90 3869 176 3935 4vol·
190 3867 215 3918 iu
230 3883 293 3931 -4
396 3921 399 3930 ,
