2880 5078
340 339 729 452 ‚h-aa..

145 568 186 620 ue
219 569 335 639 graves
365 568 504 644 causas,
540 548 723 618 nonnullos
754 567 861 618 annos
895 549 1069 621 remittere

141 709 241 777 posse
267 685 416 756 videtur.
460 688 538 781 lpse
563 688 665 754 etiam
695 687 810 756 talium
840 689 1068 760 restitutionis

141 826 320 896 literarum
339 823 532 916 exemplum
558 823 649 909 vidi,
673 847 742 922 quo
764 826 869 928 plane
887 793 1067 900 biennium

141 989 185 1034 ex
210 963 340 1034 Summi
359 963 564 1054 imperantis
581 963 762 1033 clementia
782 967 921 1054 petitori
939 970 1066 1038 remis·

112 1162 114 1166 ,
139 1125 217 1173 eum
234 1117 327 1188 erat3
354 1120 393 1172 ut
407 1103 494 1172 adeo
514 1103 560 1172 do¹
576 1101 642 1171 bae
656 1103 853 1194 quaestione
875 1102 975 1194 plura
990 1104 1066 1177 dis·

138 1241 365 1334 putarenibil
381 1243 558 1310 attineat·
582 1239 653 1311 Sed
676 1240 840 1326 tandem,
862 1244 891 1308 si
913 1233 1071 1336 jam'pep'
1121 1277 1122 1280 =

137 1381 284 1474 spatium
296 1379 384 1449 illud
402 1381 588 1470 legitimum
600 1379 669 1448 illis
677 1429 690 1467 ,
706 1401 791 1472 quos
805 1379 964 1467 diximus,
982 1377 1067 1458 loeis

137 1537 358 1594 eommoratns
377 1538 441 1607 est,
459 1519 686 1612 producenda
702 1536 926 1590 summorum
940 1544 1064 1598 emen-

114 1657 280 1734 dationis
303 1661 513 1746 testimonia,
535 1659 661 1730 tradita
683 1677 786 1730 tama
805 1659 957 1734 conciliis
977 1685 1059 1730 mu·
1158 1747 1159 1750 Ἴ

134 1795 340 1887 nicipalibus
373 1798 556 1886 (Conseils
574 1800 860 1890 Municipem),
882 1823 985 1891 quam
1014 1801 1059 1896 ab

132 1933 465 2022 administratoribus
493 1933 758 2028 municipalibus
792 1935 867 2024 (lea
896 1941 1060 2010 Munici-

126 2075 290 2165 palite'a)
312 2075 395 2160 'ejus
422 2075 592 2158 regionis,
620 2075 659 2138 in
689 2095 757 2163 qua
783 2073 971 2159 habitavit,
1001 2093 1060 2144 aut

133 2228 358 2286 commoratus
374 2226 425 2278 est
439 2233 505 2302 per
523 2232 622 2287 omne
639 2225 792 2303 tempus,
808 2208 913 2298 alege
927 2208 1059 2288 defini·
1174 2219 1176 2222 ’

129 2367 222 2436 tum,
240 2364 422 2442 antequam
436 2349 639 2442 petitionem
658 2346 780 2419 offerre
796 2349 915 2440 possit.
958 2349 1058 2440 Quae

129 2489 270 2582 quidem
286 2490 412 2566 omnia
429 2490 486 2564 ob
513 2511 587 2563 eam
611 2487 837 2578 requiruntur
862 2488 1054 2578 rationem,

128 2626 405 2721 quod'ejusmodi
422 2625 636 2715 magistratus
657 2627 849 2722 testimonia
862 2627 968 2700 veluti
988 2650 1054 2698 vo·

127 2783 200 2836 tum
230 2787 407 2838 commune
433 2769 637 2859 exprimant.

165 2907 262 2976 Haeo
276 2910 346 2995 jam
367 2909 521 2978 sufficere
545 2904 709 2998 ridentur
730 2904 776 2976 de
794 2907 968 3000 requisitis
987 2933 1050 3006 ra-¹

124 3045 218 3113 tione
241 3045 353 3131 illius,
376 3048 437 3142 qui
457 3044 705 3114 restitutionem
732 3043 847 3133 petit3
872 3043 1050 3120 ‹ie-sormi

123 3200 237 3252 autem
258 3198 295 3251 ‘et
314 3181 437 3268 modo,
460 3205 529 3274 quo
552 3181 665 3250 omnia
693 3180 771 3247 fieri
795 3178 967 3268 debeant,
988 3205 1047 3258 aaa

125 3322 247 3416 quenti
275 3325 386 3419 capite
404 3320 448 3391 de
465 3318 634 3392 industria
655 3317 915 3410 disputabimus.
946 3405 951 3408 ,.
977 3349 980 3362 ¹
