2820 5048
350 336 652 482 mss-'-

63 557 147 652 riam
165 567 267 645 atque
284 553 519 640 Ministeaium
531 551 711 623 Publioum
729 556 766 622 in
784 556 877 622 omni
899 566 984 621 ean-⁶

64 713 118 758 sae
140 707 229 759 statu
250 693 373 779 jubere
390 713 509 782 posse,
528 707 567 758 ut
585 715 690 763 novae
711 693 985 780 investigationes

66 830 243 925 liant,aut
262 829 326 895 alia
339 825 541 895 documenta
556 827 769 918 adferantur3
791 856 878 923 quae
898 833 983 923 qni-

65 965 147 1036 dem
175 967 288 1034 omnia
313 963 357 1033 ud
386 967 488 1036 vitam
521 989 698 1058 moresque
727 970 880 1062 petitoris
905 983 985 1060 post
1093 963 1098 982 ‘

68 1103 387 1190 condemnationem
407 1101 589 1197 probanda
617 1106 790 1196 pertinere
812 1104 985 1174 videntur·

68 1239 137 1312 Sed
152 1241 307 1312 hocloco
320 1244 600 1332 verbumjubere
623 1243 838 1333 (ordouner)
861 1266 988 1332 quaes·

68 1380 152 1448 tioni
170 1405 291 1472 ansam·
300 1383 481 1472 praebuit,
505 1407 610 1474 quare
623 1380 680 1449 lex
693 1405 733 1450 eo
750 1399 885 1466 utatur,
909 1406 987 1452 oum

72 1515 116 1588 de
137 1519 359 1589 Procuratore
381 1520 544 1592 Generali
565 1544 676 1590 sermo
698 1522 767 1606 sit,
790 1523 887 1609 enjus
908 1521 987 1592 offi-

71 1656 160 1764 cium
186 1682 257 1727 esse
284 1660 372 1729 solet
398 1662 580 1752 inquirere
606 1658 660 1730 vel
679 1663 893 1750 postulare,
915 1684 988 1730 non

71 1811 182 1862 autem
202 1799 348 1882 iubere,
369 1799 462 1889 qnod
478 1799 620 1891 proprie
637 1795 760 1886 judicis
775 1814 907 1866 tantum
922 1816 985 1890 est,

73 1932 118 2017 Et
143 1932 284 2024 quidem
308 1959 351 2002 ex
382 1937 547 2006 Cornutii
565 1907 761 2020 sententie,
783 1959 871 2026 qnae
901 1937 988 2006 mihi

72 2076 260 2173 probabilis
276 2069 433 2157 videtur,
453 2073 502 2139 ita
516 2070 737 2169 explicandus
755 2071 806 2140 est
824 2073 881 2142 ille
897 2079 985 2146 arti-

73 2214 192 2297 culus,
213 2227 254 2294 ut
272 2227 464 2293 teneamus,
485 2209 744 2304 Procuratorem
764 2207 988 2300 Generalem,

71 2371 255 2444 antequam
290 2347 492 2420 sententiam
529 2369 623 2414 suam
658 2346 867 2438 protulerit,
903 2351 992 2442 quin

73 2483 173 2564 eiiam
203 2510 280 2583 post
308 2487 433 2557 factam
458 2485 683 2570 relationem,
716 2508 850 2582 semper
884 2513 990 2583 snpra

74 2637 166 2705 diota
182 2631 386 2720 documenta
399 2629 537 2715 exigere
559 2649 680 2720 posse,
702 2643 742 2694 ut
762 2627 849 2697 sacta
868 2629 990 2700 melina

72 2777 275 2870 pleniusque
307 2789 534 2860 cognoscere,
567 2780 601 2832 et
631 2763 675 2849 (le
700 2767 752 2834 rei
779 2769 919 2838 veritate
947 2795 991 2842 eo

75 2914 198 2984 eortius
216 2907 370 2996 judicare
384 2953 395 2990 ,
408 2904 569 2996 ¹adeoque
591 2906 713 2976 Curiae
736 2922 808 2976 tuto
827 2910 987 2982 eonsule-

71 3075 109 3124 re
132 3065 189 3116 aut
217 3047 396 3114 arbitrium
422 3069 519 3112 suum
547 3043 695 3133 probare
717 3063 831 3134 queat.
872 3049 990 3140 Atque

71 3187 164 3266 hane
188 3183 270 3270 legis
303 3182 493 3248 cantionem
519 3181 557 3244 in
589 3180 655 3244 hae
682 3183 868 3273 praecipui
903 3157 995 3254 cau-s

72 3326 109 3394 sl
131 3319 337 3389 laudandam
357 3340 451 3399 esse,
473 3316 680 3383 acutissimus
702 3319 756 3386 Le
780 3311 993 3394 θναυενειις-

78 3466 162 3531 diua
185 3460 252 3550 (8)
273 3459 373 3528 etiam
396 3456 594 3525 observavit.

111 3603 306 3694 Antequam
324 3621 429 3693 porro
450 3596 553 3666 Curia
572 3597 763 3668 criminalis
780 3620 876 3671 suum
899 3629 992 3695 pro*

912 3743 989 3824 serf

103 3920 168 3988 (8)
191 3917 256 3974 Eud.
275 3933 338 3990 pag.
373 3921 414 3974 cf.
434 3934 555 3976 οιιιιιοτ.
583 3937 610 3988 p.
629 3937 685 3990 74¹·
