<?xml version="1.0" encoding="UTF-8"?>
<!DOCTYPE html PUBLIC "-//W3C//DTD XHTML 1.0 Transitional//EN"
    "http://www.w3.org/TR/xhtml1/DTD/xhtml1-transitional.dtd">
<html xmlns="http://www.w3.org/1999/xhtml" xml:lang="en" lang="en">
 <head>
  <title>
</title>
<meta http-equiv="Content-Type" content="text/html;charset=utf-8" />
  <meta name='ocr-system' content='tesseract 3.04.00' />
  <meta name='ocr-capabilities' content='ocr_page ocr_carea ocr_par ocr_line ocrx_word'/>
</head>
<body>
  <div class='ocr_page' id='page_1' title='image "./dissertatiojuri00schogoog_0071.png"; bbox 0 0 2880 5078; ppageno 0'>
   <div class='ocr_carea' id='block_1_1' title="bbox 483 363 726 441">
    <p class='ocr_par' dir='ltr' id='par_1_1' title="bbox 483 363 726 441">
     <span class='ocr_line' id='line_1_1' title="bbox 483 363 726 441; baseline -0.062 1"><span class='ocrx_word' id='word_1_1' title='bbox 483 363 726 441; x_wconf 41' lang='lat'><strong>-5‘14</strong></span> 
     </span>
    </p>
   </div>
   <div class='ocr_carea' id='block_1_2' title="bbox 82 555 1166 2585">
    <p class='ocr_par' dir='ltr' id='par_1_2' title="bbox 140 555 1166 1750">
     <span class='ocr_line' id='line_1_2' title="bbox 140 555 1065 651; baseline -0.006 -19"><span class='ocrx_word' id='word_1_2' title='bbox 140 571 257 640; x_wconf 80' lang='lat' dir='ltr'><strong>menta</strong></span> <span class='ocrx_word' id='word_1_3' title='bbox 288 559 326 626; x_wconf 91' lang='lat' dir='ltr'><strong>in</strong></span> <span class='ocrx_word' id='word_1_4' title='bbox 352 575 662 651; x_wconf 83' lang='lat' dir='ltr'><strong>supramemorato</strong></span> <span class='ocrx_word' id='word_1_5' title='bbox 697 555 829 628; x_wconf 89' lang='lat' dir='ltr'><strong>tablino</strong></span> <span class='ocrx_word' id='word_1_6' title='bbox 857 555 980 626; x_wconf 82' lang='lat' dir='ltr'><strong>Curiae</strong></span> <span class='ocrx_word' id='word_1_7' title='bbox 1003 575 1065 627; x_wconf 58' lang='lat' dir='ltr'><strong>re*</strong></span> 
     </span>
     <span class='ocr_line' id='line_1_3' title="bbox 143 687 1065 800; baseline -0.004 -34"><span class='ocrx_word' id='word_1_8' title='bbox 143 700 234 788; x_wconf 75' lang='lat' dir='ltr'><strong>gine,</strong></span> <span class='ocrx_word' id='word_1_9' title='bbox 254 697 319 765; x_wconf 86' lang='lat' dir='ltr'><strong>sub</strong></span> <span class='ocrx_word' id='word_1_10' title='bbox 338 696 435 779; x_wconf 83' lang='lat' dir='ltr'><strong>cujus</strong></span> <span class='ocrx_word' id='word_1_11' title='bbox 451 687 581 763; x_wconf 80' lang='lat' dir='ltr'><strong>ditione</strong></span> <span class='ocrx_word' id='word_1_12' title='bbox 597 700 723 800; x_wconf 84' lang='lat' dir='ltr'><strong>petitor</strong></span> <span class='ocrx_word' id='word_1_13' title='bbox 740 695 888 781; x_wconf 86' lang='lat' dir='ltr'><strong>habitat,</strong></span> <span class='ocrx_word' id='word_1_14' title='bbox 911 719 982 765; x_wconf 89' lang='lat' dir='ltr'><strong>non</strong></span> <span class='ocrx_word' id='word_1_15' title='bbox 999 719 1065 762; x_wconf 63' lang='lat' dir='ltr'><strong>aud</strong></span> 
     </span>
     <span class='ocr_line' id='line_1_4' title="bbox 143 829 1069 923; baseline -0.009 -17"><span class='ocrx_word' id='word_1_16' title='bbox 143 849 216 906; x_wconf 82' lang='lat' dir='ltr'><strong>tem</strong></span> <span class='ocrx_word' id='word_1_17' title='bbox 238 835 277 904; x_wconf 91' lang='lat' dir='ltr'><strong>in</strong></span> <span class='ocrx_word' id='word_1_18' title='bbox 296 833 376 900; x_wconf 87' lang='lat' dir='ltr'><strong>looo</strong></span> <span class='ocrx_word' id='word_1_19' title='bbox 395 829 478 916; x_wconf 89' lang='lat' dir='ltr'><strong>iilo,</strong></span> <span class='ocrx_word' id='word_1_20' title='bbox 510 855 579 923; x_wconf 90' lang='lat' dir='ltr'><strong>qno</strong></span> <span class='ocrx_word' id='word_1_21' title='bbox 601 849 676 901; x_wconf 83' lang='lat' dir='ltr'><strong>acta</strong></span> <span class='ocrx_word' id='word_1_22' title='bbox 698 833 837 923; x_wconf 87' lang='lat' dir='ltr'><strong>publica</strong></span> <span class='ocrx_word' id='word_1_23' title='bbox 863 831 1069 904; x_wconf 83' lang='lat' dir='ltr'><strong>custodiun-</strong></span> 
     </span>
     <span class='ocr_line' id='line_1_5' title="bbox 148 967 1070 1063; baseline -0.005 -20"><span class='ocrx_word' id='word_1_24' title='bbox 148 993 206 1053; x_wconf 80' lang='lat' dir='ltr'><strong>tur</strong></span> <span class='ocrx_word' id='word_1_25' title='bbox 227 969 464 1061; x_wconf 65' lang='lat' dir='ltr'><strong>aianeoane,</strong></span> <span class='ocrx_word' id='word_1_26' title='bbox 488 967 575 1063; x_wconf 75' lang='lat' dir='ltr'><strong>quaa</strong></span> <span class='ocrx_word' id='word_1_27' title='bbox 594 972 796 1038; x_wconf 86' lang='lat' dir='ltr'><strong>sententiam</strong></span> <span class='ocrx_word' id='word_1_28' title='bbox 816 974 1070 1062; x_wconf 83' lang='lat' dir='ltr'><strong>pronuntiauit,</strong></span> 
     </span>
     <span class='ocr_line' id='line_1_6' title="bbox 149 1081 1070 1199; baseline -0.004 -21"><span class='ocrx_word' id='word_1_29' title='bbox 149 1110 210 1178; x_wconf 91' lang='lat' dir='ltr'><strong>iila</strong></span> <span class='ocrx_word' id='word_1_30' title='bbox 231 1132 302 1178; x_wconf 82' lang='lat' dir='ltr'><strong>esso</strong></span> <span class='ocrx_word' id='word_1_31' title='bbox 320 1081 595 1199; x_wconf 34' lang='lat' dir='ltr'><strong>videtur‚&#39;quod</strong></span> <span class='ocrx_word' id='word_1_32' title='bbox 618 1108 682 1174; x_wconf 78' lang='lat' dir='ltr'><strong>hio</strong></span> <span class='ocrx_word' id='word_1_33' title='bbox 704 1107 748 1174; x_wconf 87' lang='lat' dir='ltr'><strong>da</strong></span> <span class='ocrx_word' id='word_1_34' title='bbox 770 1109 858 1176; x_wconf 68' lang='lat' dir='ltr'><strong>novi</strong></span> <span class='ocrx_word' id='word_1_35' title='bbox 879 1132 918 1175; x_wconf 82' lang='lat' dir='ltr'><strong>aa</strong></span> <span class='ocrx_word' id='word_1_36' title='bbox 934 1127 1070 1196; x_wconf 81' lang='lat' dir='ltr'><strong>agatur,</strong></span> 
     </span>
     <span class='ocr_line' id='line_1_7' title="bbox 149 1240 1074 1342; baseline 0 -27"><span class='ocrx_word' id='word_1_37' title='bbox 149 1247 194 1321; x_wconf 81' lang='lat' dir='ltr'><strong>de</strong></span> <span class='ocrx_word' id='word_1_38' title='bbox 216 1246 403 1342; x_wconf 73' lang='lat' dir='ltr'><strong>qud-&#39;prius</strong></span> <span class='ocrx_word' id='word_1_39' title='bbox 426 1240 518 1314; x_wconf 82' lang='lat' dir='ltr'><strong>dicta</strong></span> <span class='ocrx_word' id='word_1_40' title='bbox 541 1247 643 1314; x_wconf 80' lang='lat' dir='ltr'><strong>Curia</strong></span> <span class='ocrx_word' id='word_1_41' title='bbox 665 1244 772 1333; x_wconf 82' lang='lat' dir='ltr'><strong>judex</strong></span> <span class='ocrx_word' id='word_1_42' title='bbox 793 1245 956 1313; x_wconf 82' lang='lat' dir='ltr'><strong>naturalia</strong></span> <span class='ocrx_word' id='word_1_43' title='bbox 982 1248 1074 1316; x_wconf 81' lang='lat' dir='ltr'><strong>exiu-</strong></span> 
     </span>
     <span class='ocr_line' id='line_1_8' title="bbox 150 1379 1074 1477; baseline -0.003 -22"><span class='ocrx_word' id='word_1_44' title='bbox 150 1387 264 1460; x_wconf 86' lang='lat' dir='ltr'><strong>·timari</strong></span> <span class='ocrx_word' id='word_1_45' title='bbox 295 1382 427 1469; x_wconf 87' lang='lat' dir='ltr'><strong>debet;</strong></span> <span class='ocrx_word' id='word_1_46' title='bbox 464 1379 571 1477; x_wconf 75' lang='lat' dir='ltr'><strong>quum</strong></span> <span class='ocrx_word' id='word_1_47' title='bbox 601 1401 721 1452; x_wconf 84' lang='lat' dir='ltr'><strong>contra</strong></span> <span class='ocrx_word' id='word_1_48' title='bbox 753 1407 793 1450; x_wconf 79' lang='lat' dir='ltr'><strong>aa</strong></span> <span class='ocrx_word' id='word_1_49' title='bbox 823 1382 950 1469; x_wconf 86' lang='lat' dir='ltr'><strong>Curia,</strong></span> <span class='ocrx_word' id='word_1_50' title='bbox 986 1407 1074 1473; x_wconf 83' lang='lat' dir='ltr'><strong>quau</strong></span> 
     </span>
     <span class='ocr_line' id='line_1_9' title="bbox 152 1521 1166 1614; baseline -0.001 -21"><span class='ocrx_word' id='word_1_51' title='bbox 152 1522 420 1607; x_wconf 83' lang='lat' dir='ltr'><strong>condemnavit,</strong></span> <span class='ocrx_word' id='word_1_52' title='bbox 454 1523 531 1613; x_wconf 68' lang='lat' dir='ltr'><strong>ipsa</strong></span> <span class='ocrx_word' id='word_1_53' title='bbox 569 1521 851 1614; x_wconf 76' lang='lat' dir='ltr'><strong>pronuntiatione</strong></span> <span class='ocrx_word' id='word_1_54' title='bbox 888 1524 1077 1592; x_wconf 79' lang='lat' dir='ltr'><strong>sententiaa</strong></span> <span class='ocrx_word' id='word_1_55' title='bbox 1124 1603 1126 1607; x_wconf 23' lang='lat'>¹</span> <span class='ocrx_word' id='word_1_56' title='bbox 1162 1530 1166 1536; x_wconf 80' lang='grc'><em>’</em></span> 
     </span>
     <span class='ocr_line' id='line_1_10' title="bbox 151 1659 781 1750; baseline -0.008 -16"><span class='ocrx_word' id='word_1_57' title='bbox 151 1665 262 1734; x_wconf 87' lang='lat' dir='ltr'><strong>officio</strong></span> <span class='ocrx_word' id='word_1_58' title='bbox 283 1660 445 1729; x_wconf 81' lang='lat' dir='ltr'><strong>defuncta</strong></span> <span class='ocrx_word' id='word_1_59' title='bbox 468 1683 540 1728; x_wconf 82' lang='lat' dir='ltr'>esse</span> <span class='ocrx_word' id='word_1_60' title='bbox 562 1659 781 1750; x_wconf 81' lang='lat' dir='ltr'><strong>intelligatur.</strong></span> 
     </span>
    </p>

    <p class='ocr_par' dir='ltr' id='par_1_3' title="bbox 82 1795 1078 2157">
     <span class='ocr_line' id='line_1_11' title="bbox 191 1795 1074 1888; baseline -0.003 -18"><span class='ocrx_word' id='word_1_61' title='bbox 191 1804 235 1872; x_wconf 88' lang='lat' dir='ltr'><strong>Iu</strong></span> <span class='ocrx_word' id='word_1_62' title='bbox 263 1816 381 1867; x_wconf 81' lang='lat' dir='ltr'><strong>nostro</strong></span> <span class='ocrx_word' id='word_1_63' title='bbox 404 1795 545 1888; x_wconf 85' lang='lat' dir='ltr'><strong>quidam</strong></span> <span class='ocrx_word' id='word_1_64' title='bbox 569 1796 697 1866; x_wconf 79' lang='lat' dir='ltr'><strong>Codice</strong></span> <span class='ocrx_word' id='word_1_65' title='bbox 726 1823 798 1869; x_wconf 89' lang='lat' dir='ltr'><strong>nou</strong></span> <span class='ocrx_word' id='word_1_66' title='bbox 828 1797 964 1871; x_wconf 73' lang='lat' dir='ltr'><strong>diuortia</strong></span> <span class='ocrx_word' id='word_1_67' title='bbox 990 1822 1074 1870; x_wconf 80' lang='lat' dir='ltr'><strong>ver-</strong></span> 
     </span>
     <span class='ocr_line' id='line_1_12' title="bbox 143 1935 1075 2032; baseline -0.003 -22"><span class='ocrx_word' id='word_1_68' title='bbox 143 1942 206 2010; x_wconf 78' lang='lat' dir='ltr'><strong>&#39;bia</strong></span> <span class='ocrx_word' id='word_1_69' title='bbox 235 1935 504 2032; x_wconf 79' lang='lat' dir='ltr'><strong>praescribitur,</strong></span> <span class='ocrx_word' id='word_1_70' title='bbox 536 1936 700 2026; x_wconf 82' lang='lat' dir='ltr'><strong>aquibus</strong></span> <span class='ocrx_word' id='word_1_71' title='bbox 730 1937 842 2005; x_wconf 85' lang='lat' dir='ltr'><strong>missio</strong></span> <span class='ocrx_word' id='word_1_72' title='bbox 863 1935 987 2005; x_wconf 86' lang='lat' dir='ltr'><strong>horum</strong></span> <span class='ocrx_word' id='word_1_73' title='bbox 1014 1941 1075 2007; x_wconf 89' lang='lat' dir='ltr'><strong>in-</strong></span> 
     </span>
     <span class='ocr_line' id='line_1_13' title="bbox 82 2069 1078 2157; baseline -0.01 -11"><span class='ocrx_word' id='word_1_74' title='bbox 82 2073 84 2078; x_wconf 60' lang='grc'>’</span> <span class='ocrx_word' id='word_1_75' title='bbox 152 2090 418 2146; x_wconf 79' lang='lat' dir='ltr'><strong>strumentorum</strong></span> <span class='ocrx_word' id='word_1_76' title='bbox 438 2069 595 2142; x_wconf 83' lang='lat' dir='ltr'><strong>facienda</strong></span> <span class='ocrx_word' id='word_1_77' title='bbox 620 2073 666 2138; x_wconf 87' lang='lat' dir='ltr'><strong>sit</strong></span> <span class='ocrx_word' id='word_1_78' title='bbox 691 2071 735 2136; x_wconf 92' lang='lat' dir='ltr'><strong>ad</strong></span> <span class='ocrx_word' id='word_1_79' title='bbox 757 2069 893 2157; x_wconf 84' lang='lat' dir='ltr'><strong>locum,</strong></span> <span class='ocrx_word' id='word_1_80' title='bbox 922 2077 985 2142; x_wconf 85' lang='lat' dir='ltr'><strong>ubi</strong></span> <span class='ocrx_word' id='word_1_81' title='bbox 1010 2074 1078 2144; x_wconf 85' lang='lat' dir='ltr'><strong>de..</strong></span> 
     </span>
    </p>

    <p class='ocr_par' dir='ltr' id='par_1_4' title="bbox 123 2205 1077 2585">
     <span class='ocr_line' id='line_1_14' title="bbox 123 2205 1077 2312; baseline -0.017 -29"><span class='ocrx_word' id='word_1_82' title='bbox 123 2213 125 2217; x_wconf 68' lang='grc'><strong>’</strong></span> <span class='ocrx_word' id='word_1_83' title='bbox 151 2215 238 2312; x_wconf 83' lang='lat' dir='ltr'><strong>poni</strong></span> <span class='ocrx_word' id='word_1_84' title='bbox 267 2209 422 2294; x_wconf 83' lang='lat' dir='ltr'><strong>dehent,</strong></span> <span class='ocrx_word' id='word_1_85' title='bbox 443 2205 505 2280; x_wconf 82' lang='lat' dir='ltr'><strong>sod</strong></span> <span class='ocrx_word' id='word_1_86' title='bbox 536 2231 598 2276; x_wconf 85' lang='lat' dir='ltr'><strong>nos</strong></span> <span class='ocrx_word' id='word_1_87' title='bbox 626 2225 803 2299; x_wconf 87' lang='lat' dir='ltr'><strong>putamus,</strong></span> <span class='ocrx_word' id='word_1_88' title='bbox 831 2209 945 2302; x_wconf 86' lang='lat' dir='ltr'><strong>ipsam</strong></span> <span class='ocrx_word' id='word_1_89' title='bbox 970 2214 1077 2282; x_wconf 83' lang='lat' dir='ltr'><strong>resti.</strong></span> 
     </span>
     <span class='ocr_line' id='line_1_15' title="bbox 151 2345 1075 2456; baseline -0.002 -32"><span class='ocrx_word' id='word_1_90' title='bbox 151 2351 292 2427; x_wconf 74' lang='lat' dir='ltr'><strong>tutionis</strong></span> <span class='ocrx_word' id='word_1_91' title='bbox 307 2349 490 2443; x_wconf 81' lang='lat' dir='ltr'><strong>petitorem</strong></span> <span class='ocrx_word' id='word_1_92' title='bbox 504 2347 591 2416; x_wconf 87' lang='lat' dir='ltr'><strong>haeo</strong></span> <span class='ocrx_word' id='word_1_93' title='bbox 610 2345 723 2414; x_wconf 87' lang='lat' dir='ltr'><strong>omnia</strong></span> <span class='ocrx_word' id='word_1_94' title='bbox 746 2371 909 2443; x_wconf 83' lang='lat' dir='ltr'><strong>peragere</strong></span> <span class='ocrx_word' id='word_1_95' title='bbox 929 2369 1075 2456; x_wconf 78' lang='lat' dir='ltr'><strong>oporto-</strong></span> 
     </span>
     <span class='ocr_line' id='line_1_16' title="bbox 153 2486 1077 2585; baseline -0.003 -21"><span class='ocrx_word' id='word_1_96' title='bbox 153 2515 206 2565; x_wconf 68' lang='grc' dir='ltr'><strong>τε.</strong></span> <span class='ocrx_word' id='word_1_97' title='bbox 247 2488 312 2558; x_wconf 81' lang='lat' dir='ltr'><strong>Illa</strong></span> <span class='ocrx_word' id='word_1_98' title='bbox 334 2488 427 2556; x_wconf 85' lang='lat' dir='ltr'><strong>enim</strong></span> <span class='ocrx_word' id='word_1_99' title='bbox 444 2487 510 2556; x_wconf 82' lang='lat' dir='ltr'><strong>sihi</strong></span> <span class='ocrx_word' id='word_1_100' title='bbox 529 2508 688 2555; x_wconf 85' lang='lat' dir='ltr'><strong>concessa</strong></span> <span class='ocrx_word' id='word_1_101' title='bbox 710 2505 746 2555; x_wconf 85' lang='lat' dir='ltr'><strong>at</strong></span> <span class='ocrx_word' id='word_1_102' title='bbox 762 2486 861 2576; x_wconf 82' lang='lat' dir='ltr'><strong>legali</strong></span> <span class='ocrx_word' id='word_1_103' title='bbox 883 2489 987 2560; x_wconf 89' lang='lat' dir='ltr'><strong>modo</strong></span> <span class='ocrx_word' id='word_1_104' title='bbox 1008 2518 1077 2585; x_wconf 86' lang='lat' dir='ltr'><strong>ap-</strong></span> 
     </span>
    </p>
   </div>
   <div class='ocr_carea' id='block_1_3' title="bbox 155 2626 1080 2724">
    <p class='ocr_par' dir='ltr' id='par_1_5' title="bbox 155 2626 1080 2724">
     <span class='ocr_line' id='line_1_17' title="bbox 155 2626 1080 2724; baseline 0.009 -28"><span class='ocrx_word' id='word_1_105' title='bbox 155 2629 299 2719; x_wconf 82' lang='lat' dir='ltr'><strong>probata</strong></span> <span class='ocrx_word' id='word_1_106' title='bbox 344 2627 535 2697; x_wconf 87' lang='lat' dir='ltr'><strong>testimonia</strong></span> <span class='ocrx_word' id='word_1_107' title='bbox 572 2643 782 2718; x_wconf 75' lang='lat' dir='ltr'><strong>recuperat,</strong></span> <span class='ocrx_word' id='word_1_108' title='bbox 815 2626 981 2720; x_wconf 82' lang='lat' dir='ltr'><strong>adeoqua&#39;</strong></span> <span class='ocrx_word' id='word_1_109' title='bbox 1004 2633 1080 2724; x_wconf 80' lang='lat' dir='ltr'><strong>ipso</strong></span> 
     </span>
    </p>
   </div>
   <div class='ocr_carea' id='block_1_4' title="bbox 157 2745 1078 2862">
    <p class='ocr_par' dir='ltr' id='par_1_6' title="bbox 157 2745 1078 2862">
     <span class='ocr_line' id='line_1_18' title="bbox 157 2745 1078 2862; baseline 0.003 -26"><span class='ocrx_word' id='word_1_110' title='bbox 157 2770 258 2837; x_wconf 82' lang='lat' dir='ltr'><strong>utiam</strong></span> <span class='ocrx_word' id='word_1_111' title='bbox 283 2785 402 2834; x_wconf 82' lang='lat' dir='ltr'><strong>curare</strong></span> <span class='ocrx_word' id='word_1_112' title='bbox 431 2764 554 2849; x_wconf 87' lang='lat' dir='ltr'><strong>debet,</strong></span> <span class='ocrx_word' id='word_1_113' title='bbox 576 2782 616 2832; x_wconf 92' lang='lat' dir='ltr'><strong>ut</strong></span> <span class='ocrx_word' id='word_1_114' title='bbox 637 2765 720 2834; x_wconf 87' lang='lat' dir='ltr'><strong>haec</strong></span> <span class='ocrx_word' id='word_1_115' title='bbox 743 2745 820 2834; x_wconf 78' lang='lat' dir='ltr'><strong>uum</strong></span> <span class='ocrx_word' id='word_1_116' title='bbox 847 2765 967 2838; x_wconf 83' lang='lat' dir='ltr'><strong>libello</strong></span> <span class='ocrx_word' id='word_1_117' title='bbox 988 2779 1078 2862; x_wconf 54' lang='lat' dir='ltr'><strong>supi·</strong></span> 
     </span>
    </p>
   </div>
   <div class='ocr_carea' id='block_1_5' title="bbox 158 2880 1137 3413">
    <p class='ocr_par' dir='ltr' id='par_1_7' title="bbox 158 2880 1137 3413">
     <span class='ocr_line' id='line_1_19' title="bbox 158 2880 1137 3002; baseline 0.008 -29"><span class='ocrx_word' id='word_1_118' title='bbox 158 2907 244 3002; x_wconf 79' lang='lat' dir='ltr'><strong>plici</strong></span> <span class='ocrx_word' id='word_1_119' title='bbox 264 2907 456 2998; x_wconf 81' lang='lat' dir='ltr'><strong>ceterisque</strong></span> <span class='ocrx_word' id='word_1_120' title='bbox 482 2901 694 2974; x_wconf 77' lang='lat' dir='ltr'><strong>documentis</strong></span> <span class='ocrx_word' id='word_1_121' title='bbox 729 2905 767 2972; x_wconf 93' lang='lat' dir='ltr'><strong>in</strong></span> <span class='ocrx_word' id='word_1_122' title='bbox 798 2903 929 2975; x_wconf 88' lang='lat' dir='ltr'><strong>tablino</strong></span> <span class='ocrx_word' id='word_1_123' title='bbox 957 2911 1081 2981; x_wconf 73' lang='lat' dir='ltr'><strong>Curiati</strong></span> <span class='ocrx_word' id='word_1_124' title='bbox 1135 2880 1137 2883; x_wconf 90' lang='lat'>.</span> 
     </span>
     <span class='ocr_line' id='line_1_20' title="bbox 160 3044 1081 3134; baseline 0.005 -20"><span class='ocrx_word' id='word_1_125' title='bbox 160 3046 270 3132; x_wconf 79' lang='lat' dir='ltr'><strong>rogiae</strong></span> <span class='ocrx_word' id='word_1_126' title='bbox 290 3045 355 3114; x_wconf 82' lang='lat' dir='ltr'><strong>rita</strong></span> <span class='ocrx_word' id='word_1_127' title='bbox 374 3044 615 3134; x_wconf 82' lang='lat' dir='ltr'><strong>deponantur3</strong></span> <span class='ocrx_word' id='word_1_128' title='bbox 640 3059 675 3110; x_wconf 86' lang='lat' dir='ltr'><strong>et</strong></span> <span class='ocrx_word' id='word_1_129' title='bbox 697 3063 869 3132; x_wconf 84' lang='lat' dir='ltr'><strong>praeterea</strong></span> <span class='ocrx_word' id='word_1_130' title='bbox 893 3047 987 3116; x_wconf 85' lang='lat' dir='ltr'><strong>nulla</strong></span> <span class='ocrx_word' id='word_1_131' title='bbox 1004 3054 1081 3119; x_wconf 81' lang='lat' dir='ltr'><strong>oxi·</strong></span> 
     </span>
     <span class='ocr_line' id='line_1_21' title="bbox 161 3179 1081 3277; baseline 0.001 -29"><span class='ocrx_word' id='word_1_132' title='bbox 161 3182 221 3256; x_wconf 77' lang='lat' dir='ltr'><strong>stit</strong></span> <span class='ocrx_word' id='word_1_133' title='bbox 243 3180 319 3266; x_wconf 78' lang='lat' dir='ltr'><strong>lux,</strong></span> <span class='ocrx_word' id='word_1_134' title='bbox 342 3181 508 3277; x_wconf 83' lang='lat' dir='ltr'><strong>quauhoo</strong></span> <span class='ocrx_word' id='word_1_135' title='bbox 525 3180 672 3252; x_wconf 83' lang='lat' dir='ltr'><strong>officium</strong></span> <span class='ocrx_word' id='word_1_136' title='bbox 693 3179 977 3254; x_wconf 77' lang='lat' dir='ltr'><strong>administrationi</strong></span> <span class='ocrx_word' id='word_1_137' title='bbox 996 3187 1081 3258; x_wconf 57' lang='grc' dir='ltr'><strong>Μιις1</strong></span> 
     </span>
     <span class='ocr_line' id='line_1_22' title="bbox 163 3305 752 3413; baseline -0.007 -19"><span class='ocrx_word' id='word_1_138' title='bbox 163 3319 306 3413; x_wconf 78' lang='lat' dir='ltr'><strong>nicipuli</strong></span> <span class='ocrx_word' id='word_1_139' title='bbox 327 3319 382 3392; x_wconf 85' lang='lat' dir='ltr'><strong>vel</strong></span> <span class='ocrx_word' id='word_1_140' title='bbox 403 3319 478 3388; x_wconf 89' lang='lat' dir='ltr'><strong>aliis</strong></span> <span class='ocrx_word' id='word_1_141' title='bbox 500 3319 665 3408; x_wconf 83' lang='lat' dir='ltr'><strong>imponat.</strong></span> <span class='ocrx_word' id='word_1_142' title='bbox 699 3313 705 3326; x_wconf 80' lang='grc'><strong>’</strong></span> <span class='ocrx_word' id='word_1_143' title='bbox 751 3305 752 3308; x_wconf 17' lang='lat'>¹</span> 
     </span>
    </p>
   </div>
   <div class='ocr_carea' id='block_1_6' title="bbox 0 0 1473 5078">
    <p class='ocr_par' dir='ltr' id='par_1_8' title="bbox 0 0 1473 5078">
     <span class='ocr_line' id='line_1_23' title="bbox 0 0 1473 5078; baseline 0 0"><span class='ocrx_word' id='word_1_144' title='bbox 0 0 1473 5078; x_wconf 95' lang='lat' dir='ltr'><strong> </strong></span> 
     </span>
    </p>
   </div>
  </div>
 </body>
</html>
